% Encoding: UTF-8

@Article{lvxiaodong2016,
  author  = {{吕小东}},
  title   = {{电子商务对经济贸易模式发展的影响[J]}},
  journal = {{经贸实践}},
  volume  = {2016(07)},
}

@Article{xiexiao2015,
  author  = {谢筱},
  title   = {{电子商务对国际贸易的影响及应用现状分析[J]}},
  journal = {知识经济},
  volume  = {2015},
}

@Article{wangwen2014,
  author  = {王雯},
  title   = {{浅谈电子商务在国际贸易中的应用和影响[J]}},
  journal = {{科技资讯}},
  volume  = {2014},
}

@Article{zhangjianhui2009,
  author  = {张建辉},
  title   = {{电子商务对我国国际贸易的影响研究[J]}},
  journal = {{中国商界}},
  volume  = {2009},
}

@Article{zhenhao2012,
  author  = {陈昊},
  title   = {{电子商务对我国国际贸易发展的影响与对策[J]}},
  journal = {{现代经济信息}},
  volume  = {2012(01)},
}

@Article{yingxiaofan2014,
  author  = {应小凡},
  title   = {{电子商务对国际贸易的积极影响与存在问题分析[J]}},
  journal = {{商业时代}},
  volume  = {2014(11)},
}

@Article{zhuyahui2013,
  author  = {祝雅辉},
  title   = {{国际电子商务贸易[M]}},
  journal = {{上海:上海财经大学出版社}},
  volume  = {2013},
}

@Article{liuzantong2013,
  author  = {刘赞彤},
  title   = {{电子商务对国际贸易的影响与实践探析[D]}},
  journal = {{湖南大学}},
  volume  = {2013},
}

@Article{zhouxiaoxian2014,
  author  = {周晓娴},
  title   = {{电子商务对我国国际贸易的影响及实践探析[D]}},
  journal = {{广东外语外贸大学}},
  volume  = {2014},
}

@Article{zhangshuping2014,
  author  = {张淑平},
  title   = {{电子商务对国际贸易的影响及对策研究[D]}},
  journal = {{曲阜师范大学}},
  volume  = {2013},
}

@Comment{jabref-meta: databaseType:bibtex;}
