% This file was created with JabRef 2.11.1.
% Encoding: UTF8


@Book{anderson1989,
  Title                    = {{Hypersonic and High Temperature gas dynamics[M]}},
  Author                   = {{ J.D. Anderson}},
  Publisher                = {{McGraw-Hill Book 
Company}},
  Year                     = {1989}
}

@Article{sharma2004,
  Title                    = {{Numerical Simulation of the Blast Impact Problem 
Using theDirect Simulation Monte Carlo (DSMC) Method [J]}},
  Author                   = {{A. Sharma, L. N. Long}},
  Journal                  = {{Journal of 
Computational Physics}},
  Year                     = {2004},
  Number                   = {1},
  Pages                    = {211-237},
  Volume                   = {200}
}

@Article{aguirre2004,
  Title                    = {{Aero-Optical Wavefronts and Scale-Local Characterization in 
Large-Reynolds-Number Compressible Turbulence [J]}},
  Author                   = {{Aguirre Roberto}},
  Journal                  = {AIAA Journal},
  Year                     = {2004},
  Number                   = {10},
  Pages                    = {1982-1990},
  Volume                   = {42}
}

@Article{baskins1952,
  Title                    = {{Preliminary Wind Tunnel Investigation on the 
Optical Transmission Characteristics of a Supersonic Turbulent Boundary Layer 
[R]}},
  Author                   = {{Baskins L. L., Hamilton, L. E}},
  Journal                  = {Northrop Aircraft Company},
  Year                     = {1952}
}

@Article{booker1950,
  Title                    = {{A Theory of Radio Scattering in The Troposphere 
[J]}},
  Author                   = {{Booker H. G., Gordon W. E}},
  Journal                  = {Proceedings of the I.R.E.},
  Year                     = {1950},
  Pages                    = {401-412},
  Volume                   = {38}
}

@Article{bradshaw1967,
  Title                    = {{Calculation of Boundary-layer Using the Turbulent Energy Equation[J]}},
  Author                   = {{Bradshaw P,Ferriss D,Atwell N}},
  Journal                  = {{Journal of Fluid Mechanics}},
  Year                     = {1967},
  Number                   = {3},
  Pages                    = {593-616},
  Volume                   = {28}
}

@Article{busse2004,
  Title                    = {{Visualizing the dynamics of the onset of turbulence [J]}},
  Author                   = {{Busse F H}},
  Journal                  = {Science},
  Year                     = {2004},
  Pages                    = {1574-1575},
  Volume                   = {305}
}

@Article{claspan1990,
  Title                    = {{Large energy national shock tunnel (LENS) 
[R]}},
  Author                   = {{Calspan-UB Research Center}},
  Journal                  = {{New York: Calspan-UB Research Center}},
  Year                     = {1990}
}

@Article{haris2004,
  Title                    = {{New Interfacial Fluid Thickness Approach in 
Aero-Optics with Applications to Compressible Turbulence [J]}},
  Author                   = {{Catrakis Haris, Aguirre Reberto C}},
  Journal                  = {{AIAA Journal}},
  Year                     = {2004},
  Number                   = {10},
  Pages                    = {1973-1981},
  Volume                   = {42}
}

@Article{daniel2005,
  Title                    = {{Feed-Forward Adaptive-Optic Correction of Aero-Optical Aberrations Caused by a Two-Dimensional Heated Jet[C]}},
  Author                   = {{Daniel, A. Duffin}},
  Journal                  = {36th Plasmadynamics 
and Lasers Conference, Toronto, Ontario, Canada},
  Year                     = {2005}
}

@Article{ejjumper2001,
  Title                    = {{Recent Advances in Aero-optics[J]}},
  Author                   = {{E.J. Jumper, E.J. Fitzgerald}},
  Journal                  = {Prog.
Aerospace Sci},
  Year                     = {2001},
  Pages                    = {299-339},
  Volume                   = {37}
}

@Article{eric2006,
  Title                    = {{Large-eddy Simulation of Aero-Optical 
Effects in Spatially Developing Turbulent Boundary Layer[J]}},
  Author                   = {{Eric Tromeur, Eric Garnier, et al}},
  Journal                  = {Journal of 
Turbulence},
  Year                     = {2006},
  Pages                    = {11-12},
  Volume                   = {7(1)}
}

@Article{menter1994,
  Title                    = {{Two-equation Eddy-viscosity Turbulence Models for Engineering 
Applications[J]}},
  Author                   = {{F R Menter}},
  Journal                  = {{AIAA Journal}},
  Year                     = {1994},
  Number                   = {8},
  Pages                    = {1598-1605},
  Volume                   = {32}
}

@Article{freeman2008,
  Title                    = {{Catrakis Haris, Direct Reduction of Aero-Optical Aberrations 
by Large Structure Suppression Control in Turbulence [J]}},
  Author                   = {{Freeman, Aaron P}},
  Journal                  = {AIAA Journal},
  Year                     = {2008},
  Number                   = {10},
  Pages                    = {2582-2590},
  Volume                   = {46}
}

@Article{gordeyev2012,
  Title                    = {Aero-Optical Environment Around a Conformal-Window Turret},
  Author                   = {Gordeyev, Stanislav and Post, Martiqua L. and Mclaughlin, Thomas and Ceniceros, Juan and Jumper, Eric J.},
  Journal                  = {Aiaa Journal},
  Year                     = {2012},
  Pages                    = {1514-1524},
  Volume                   = {45}
}

@Article{liepman1952,
  Title                    = {{Deflection and Diffusion of a Light Ray Passing through a Boundary Layer[R]}},
  Author                   = {{H. W. Liepmann}},
  Journal                  = {Douglas Aircraft Company},
  Year                     = {1952},
  Volume                   = {Santa Monica,CA}
}

@Article{haritha2006,
  Title                    = {{Large Eddy 
Simulation of a Supersonic Flow Over a Backward-Facing Step for Aero-Optical 
Analysis[C]}},
  Author                   = {{Haritha Ayyalasomayajula, Srinivasan Arunajatesan, et al}},
  Journal                  = {44th AIAA Aerospace Sciences Meeting and Exhibit, Reno, Nevada},
  Year                     = {2006}
}

@Article{havener1992,
  Title                    = {{Aero-Optics Testing Capabilities at AEDC [C]}},
  Author                   = {{Havener George, Stepanek,et al}},
  Journal                  = {30th Aerospace Sciences Meeting and Exhibit, Reno, NV},
  Year                     = {1992}
}

@Article{hedlund1980,
  Title                    = {{Heat Transfer Testing in the NSWC 
Hypervelocity Wind Runnel 9 Utilizing Co-Axial Surface Thermocouples [R]}},
  Author                   = {{Hedlund E. R., Hill J. F., et al}},
  Journal                  = {Naval Surface Wapons Center Dahlgren},
  Year                     = {1980}
}

@Article{holden1991,
  Title                    = {{Large Energy National Shock Tunnel（LENS）- Description and 
Capabilities [R]}},
  Author                   = {{Holden}},
  Journal                  = {Calspan-UB Research Center},
  Year                     = {1991}
}

@Article{huang2008,
  Title                    = {{Multiframe blind deconvolution restoration of atmospheric turbulence-degraded images based on noise characteristic[J]}},
  Author                   = {{Huang Jianming, Shen Maozuo}},
  Journal                  = {Acta Optica Sinica},
  Year                     = {2008},
  Number                   = {9},
  Pages                    = {1686-1690},
  Volume                   = {28}
}

@Article{hugo2000,
  Title                    = {{Applicability of The Aero-Optic Linking Equation to a 
Highly Coherent Transitional Shear Layer [J]}},
  Author                   = {{Hugo R. J., Jumper E. J}},
  Journal                  = {Applied Optics},
  Year                     = {2000},
  Number                   = {24},
  Pages                    = {4392-4401},
  Volume                   = {39}
}

@Article{hugo1996,
  Title                    = {{Experimental Measurement of a Time-Varying Optical Path 
Difference by the Small-Aperture Beam Technique [J]}},
  Author                   = {{Hugo Ronald J}},
  Journal                  = {Applied Optics},
  Year                     = {1996},
  Number                   = {22},
  Pages                    = {4436},
  Volume                   = {35}
}

@Article{john2006,
  Title                    = {{Aero-Optic Performance of an Aircraft 
Forward-Facing Optical Turret[J]}},
  Author                   = {{John E. Pond, Sutton G. W}},
  Journal                  = {Journal of Aircraft},
  Year                     = {2006},
  Number                   = {3},
  Pages                    = {600-607},
  Volume                   = {43}
}

@Article{jumper2001,
  Title                    = {{Recent Advances in Aero-Optics [J]}},
  Author                   = {{Jumper E., Edward J.Fitzgeraldb}},
  Journal                  = {Progress 
in Aerospace Sciences},
  Year                     = {2001},
  Number                   = {3},
  Pages                    = {299-339},
  Volume                   = {37}
}

@Article{jumper1995,
  Title                    = {{Quantification of Aero-Optical Phase Distortion Using the Small-Aperture Beam Technique [J]}},
  Author                   = {{Jumper Eric J}},
  Journal                  = {AIAA Journal},
  Year                     = {1995},
  Number                   = {11},
  Pages                    = {2151-2157},
  Volume                   = {33}
}

@Article{gilbert1982,
  Title                    = {{Progress in Astronautics and Aeronautics Series[C]}},
  Author                   = {{K. Gilbert, L. Otten}},
  Journal                  = {New York},
  Year                     = {1982}
}

@Article{kexinyin2006,
  Title                    = {{Evaluations on aero-optic effects of subsonic airborne electro-optical system[J]}},
  Author                   = {{Kexin Yin, Huilin Jiang}},
  Journal                  = {CHINESE OPTICS LETTERS},
  Year                     = {2006},
  Number                   = {8},
  Pages                    = {435-439},
  Volume                   = {4},
  Owner                    = {Precious},
  Timestamp                = {2014.12.05}
}

@Article{larry1990,
  Title                    = {{Coherent Structure Effects on the Optical 
Performance of Plane Shear Layers [J]}},
  Author                   = {{Larry Chew, Walter Christiansent}},
  Journal                  = {AIAA Journal},
  Year                     = {1990},
  Number                   = {1},
  Pages                    = {76-80},
  Volume                   = {29}
}

@Article{mani2005,
  Title                    = {{Computational study of aero-optical distortion by 
turbulent wake[C]}},
  Author                   = {{Mani M. Wang, P. Moin
}},
  Journal                  = {Proceedings of the American Institute of Aeronautics and 
Astronautics Conference},
  Year                     = {2005}
}

@Book{max2001,
  Title                    = {{Principles of optics[M]}},
  Author                   = {{Max Born, Emil Wolf}},
  Publisher                = {北京:世界图书出版公司},
  Year                     = {2001}
}

@Article{meng2012,
  Title                    = {{Physics and Computation of Aero-Optics[J]}},
  Author                   = {{Meng Wang, Ali Mani, Stanislav Gordeyev}},
  Journal                  = {Annual Review of Fluid Mechanics},
  Year                     = {2012},
  Pages                    = {299-321},
  Volume                   = {44},
  Owner                    = {Precious},
  Timestamp                = {2014.12.17}
}

@Article{michael2010,
  Title                    = {{High-order parabolic beam approximation for aero-optics[J]}},
  Author                   = {{Michael D. White}},
  Journal                  = {Journal of Computational Physics},
  Year                     = {2010},
  Pages                    = {5466-5486},
  Volume                   = {229}
}

@Article{qiong2013,
  Title                    = {{Statistical characteristics of the tilts of the
aero-optical aberration caused by
the supersonic turbulent boundary layer}},
  Author                   = {{Qiong Gao,Zongfu Jiang,Shihe Yi,and Xiaohu Wang}},
  Journal                  = {{OPTICS LETTERS}},
  Year                     = {2013},
  Number                   = {5},
  Pages                    = {751-753},
  Volume                   = {38}
}

@Article{mark2013,
  Title                    = {{Evaluation of Laser Beacon for
Adaptive-Optic Correction of
a Compressible Shear Layer}},
  Author                   = {{R. Mark Rennie}},
  Journal                  = {{AIAA JOURNAL}},
  Year                     = {2013},
  Number                   = {4},
  Pages                    = {1008-1010},
  Volume                   = {51}
}

@Article{renolds1894,
  Title                    = {{On the dynamical theory of turbulent incompressible
viscous fluids and the determination of the criterion[J]}},
  Author                   = {{Renolds O}},
  Journal                  = {Phil Trans R
Soc},
  Year                     = {1894},
  Pages                    = {123-161},
  Volume                   = {186}
}

@Article{schumann1975,
  Title                    = {{Subgrid Scale Model for Finite Difference Simulations of Turbulent 
Flows in Plane Channels and Annuli[J]}},
  Author                   = {{Schumann U}},
  Journal                  = {Journal of Computational Physics},
  Year                     = {1975},
  Pages                    = {376-404},
  Volume                   = {18}
}

@Article{shiyipeng2015,
  Title                    = {{Progress in The Research on Compressible Turbulence[J]}},
  Author                   = {{Shi Yipeng, Wang Jianchun, et al}},
  Journal                  = {HIGH POWER LASER AND PARTICLE BEAMS},
  Year                     = {2015},
  Number                   = {03},
  Pages                    = {032002-1--032002-7},
  Volume                   = {27}
}

@Article{stanislav2003,
  Title                    = {{Aero-Optical Characteristics of 
Compressible, Subsonic Turbulent Boundary Layers [C]}},
  Author                   = {{Stanislav Gordeyev, Eric J. Jumper}},
  Journal                  = {34th Plasmadynamics 
and Lasers Conference, Orlando, Florida},
  Year                     = {2003}
}

@Article{stine1956,
  Title                    = {{Light Diffusion through High Speed Turbulent Boundary Layers [R]}},
  Author                   = {{Stine Howard A., Winovich Warren}},
  Journal                  = {Research Memorandum},
  Year                     = {1956},
  Volume                   = {NACA, Washington}
}

@Article{sutton1994,
  Title                    = {{Hypersonic Intercept or Aero Optics Performance 
Predictions[J]}},
  Author                   = {{Sutton G W , Pond J E, et al}},
  Journal                  = {Journal of Spacecraft and Rocket},
  Year                     = {1994},
  Number                   = {4},
  Pages                    = {592-599},
  Volume                   = {31}
}

@Article{sutton1969,
  Title                    = {{Effect of Turbulent Fluctuations in an Optically Active Fluid 
Medium [J]}},
  Author                   = {{Sutton G. W}},
  Journal                  = {AIAA Journal},
  Year                     = {1969},
  Pages                    = {1737-1743},
  Volume                   = {7}
}

@Article{sutton1985,
  Title                    = {{Aero-Optical Foundations and Applications [J]}},
  Author                   = {{Sutton G. W}},
  Journal                  = {AIAA Journal},
  Year                     = {1985},
  Number                   = {10},
  Pages                    = {1525-1537},
  Volume                   = {23}
}

@Article{tatarski1961,
  Title                    = {{Wave Propagation in Turbulent Medium [J]}},
  Author                   = {{Tatarski V. I., Silverman R. A., et al}},
  Journal                  = {Physics Today},
  Year                     = {1961},
  Number                   = {12},
  Pages                    = {46},
  Volume                   = {14}
}

@Article{thomas2006,
  Title                    = {{Hybrid 
Particle-Continuum Simulations of Non-Equilibrium Hypersonic Blunt Body 
Flow Fields [C]}},
  Author                   = {{Thomas E. Schwartzentruber, Leonardo C. Scalabrin, et al}},
  Journal                  = {{Joint Thermophysics and Heat Transfer Conference, Francisco, 
California}},
  Year                     = {2006}
}

@Article{trollinger1982,
  Title                    = {{Aero-Optical Characterization of Aircraft Optical Turrets by 
Holography, Interferometry and Shadowgraph[A].K. 
Gilbert, L. Otten, Progress in Astronautics and Aeronautics Series[C]}},
  Author                   = {{Trollinger J. D}},
  Journal                  = {New York},
  Year                     = {1982}
}

@Article{tromeur2006,
  Title                    = {{Analysis of the Sutton Model for Aero-Optical Properties of 
Compressible Boundary Layers[J]}},
  Author                   = {{Tromeur Eric}},
  Journal                  = {Journal of Fluids Engineering},
  Year                     = {2006},
  Number                   = {2},
  Pages                    = {239-247},
  Volume                   = {128}
}

@Article{Chakravarthy2001,
  Title                    = {{Large Eddy Simulations of Turbulent Premixed Flames 
in the Flamelet Regime[J]}},
  Author                   = {{V Chakravarthy, S Menon}},
  Journal                  = {{Combustion Science and Technology}},
  Year                     = {2001},
  Pages                    = {175-222},
  Volume                   = {162}
}

@Article{villars1954,
  Title                    = {{The Scattering of Electromagnetic Waves By Turbulent 
Atmospheric Fluctuations [J]}},
  Author                   = {{Villars F., Weisskopf V}},
  Journal                  = {Physical Review},
  Year                     = {1954},
  Number                   = {2},
  Pages                    = {232-240},
  Volume                   = {94}
}

@Article{jones1972,
  Title                    = {{The Prediction of Laminarization with a Two-equation Model of Turbulence[J]}},
  Author                   = {{W.P.Jones and B.E.Launder}},
  Journal                  = {Journal of Heat and Mass Transfer},
  Year                     = {1972},
  Number                   = {2},
  Pages                    = {301-314},
  Volume                   = {15}
}

@Article{jones1973,
  Title                    = {{The Calculation of Low-Reynolds Number Phenomena with a Two-equation Model of Turbulence[J]}},
  Author                   = {{W.P.Jones and B.E.Launder}},
  Journal                  = {Journal of Heat and Mass Transfer},
  Year                     = {1973},
  Pages                    = {1119-1130},
  Volume                   = {16}
}

@Article{wyckham2006,
  Title                    = {{Comparison of aero-optic distortion in 
hypersonic and transonic, turbulent boundary layers with gas injection [C]}},
  Author                   = {{Wyckham C M, Smits A J}},
  Journal                  = {{AIAA Paper}},
  Year                     = {2006}
}

@Article{hsia2005,
  Title                    = {{CFD-Based Aero-Optical Performance Prediction of a 
Turret[C]}},
  Author                   = {{Y. Hsia, W. Lin, et al}},
  Journal                  = {Laser Source and System Technology for Defense and Security, Orlando, 
FL, USA},
  Year                     = {2005}
}

@Article{tsai1990,
  Title                    = {{Two-Dimensional Numerical Simulation of 
Shear-Layer Optics [J]}},
  Author                   = {{Y. P. Tsai, W. H. Christiansent}},
  Journal                  = {AIAA Journal},
  Year                     = {1990},
  Number                   = {12},
  Pages                    = {2092-2097},
  Volume                   = {28}
}

@Book{cjr1989,
  Title                    = {{湍流模型及有限分析法[M]}},
  Author                   = {陈景仁},
  Publisher                = {{上海：上海交通大学出版社}},
  Year                     = {1989}
}

@Book{deng2008,
  Title                    = {{变折射率介质中的光传输及像质评价[D]}},
  Author                   = {{邓诗涛}},
  Publisher                = {{浙江大学}},
  Year                     = {2008}
}

@Article{fjc2004,
  Title                    = {{基于涡结构的气动光学传输效应研究[J]}},
  Author                   = {{房建成, 杨照华, 吴琳}},
  Journal                  = {红外与激光
工程},
  Year                     = {2004},
  Pages                    = {327-379},
  Volume                   = {Z1}
}

@Article{fjd1998,
  Title                    = {{高速导弹红外成像末制导对气动光学效应技术研究的需求[J]}},
  Author                   = {{费锦东}},
  Journal                  = {红外与激光工程},
  Year                     = {1998},
  Number                   = {1},
  Pages                    = {42-43},
  Volume                   = {1}
}

@Article{fdh2012,
  Title                    = {{光学窗口凹腔流场的光学传输效应研究[J]}},
  Author                   = {{冯定华, 李桦, 肖飞 等}},
  Journal                  = {光学学报},
  Year                     = {2012},
  Number                   = {4},
  Pages                    = {0401004-1--0401004-8},
  Volume                   = {32}
}

@Article{gancaijun2011,
  Title                    = {{不同对流马赫数下光束畸变的实验研究[J]}},
  Author                   = {{甘才俊, 李烺, 毛涛, 马汉东, 熊红亮}},
  Journal                  = {光学技术},
  Year                     = {2011},
  Pages                    = {730-735},
  Owner                    = {Precious},
  Timestamp                = {2014.12.05}
}

@Article{gyh1998,
  Title                    = {{气动光学效应的数值模拟与预测 [J]}},
  Author                   = {{郭永洪, 沈忙作, 陆祖康}},
  Journal                  = {光电工程},
  Year                     = {1998},
  Pages                    = {21-24},
  Volume                   = {25(增刊)}
}

@Article{libo2011,
  Title                    = {{高速飞行器气动光学流场机理研究与 
光学窗口设计[D]}},
  Author                   = {{李波}},
  Journal                  = {上海交通大学博士学位论文},
  Year                     = {2011}
}

@Book{liguichun2006,
  Title                    = {{气动光学[M]}},
  Author                   = {李桂春},
  Publisher                = {北京:国防工业出版社},
  Year                     = {2006}
}

@Book{lihuiping2010,
  Title                    = {{高超声速飞行器气动加热特性及其计算方法研[D]}},
  Author                   = {{李会萍}},
  Publisher                = {{上海:上海交通大学}},
  Year                     = {2010}
}

@Book{li2011,
  Title                    = {{水中湍流对光传输影响的光线追迹算法的研究[D]}},
  Author                   = {{李清}},
  Publisher                = {{华中科技大学}},
  Year                     = {2011}
}

@Book{li2012,
  Title                    = {{EGSB反应器结构对内流场影响的数值模拟研究[D]}},
  Author                   = {{李玉莹}},
  Publisher                = {{哈尔滨工程大学}},
  Year                     = {2012}
}

@Article{skt2010,
  Title                    = {{光学头罩绕流流场气动光学效应数值模拟[J]}},
  Author                   = {{史可天，程晓丽，马汉东}},
  Journal                  = {红外与激光工程},
  Year                     = {2010},
  Number                   = {1},
  Pages                    = {6-10},
  Volume                   = {39}
}

@Book{tianlifeng2014,
  Title                    = {{超声速光学头罩流场精细结构及其气动光学
效应的机理研究[D]}},
  Author                   = {田立丰},
  Publisher                = {国防科学技术大学研究生院},
  Year                     = {2014},
  Owner                    = {Precious},
  Timestamp                = {2014.12.05}
}

@Book{xie2007,
  Title                    = {{气动光学畸变波前测量及控制方法[D]}},
  Author                   = {{谢文科}},
  Publisher                = {{国防科学技术大学}},
  Year                     = {2007}
}

@Book{xiezhixue2011,
  Title                    = {{大气吸气模式激光等离子体推进数值模拟[D]}},
  Author                   = {{谢志学}},
  Publisher                = {{南京: 南京理工大学}},
  Year                     = {2011}
}

@Article{xubo2015,
  Title                    = {{气动光学效应波前畸变的光电校正方法研究[D] 
}},
  Author                   = {{徐博}},
  Journal                  = {北京理工大学硕士学位论文},
  Year                     = {2015}
}

@Book{yan2006,
  Title                    = {{计算流体力学方法及应用[M]}},
  Author                   = {{阎超}},
  Publisher                = {北京:北京航空航天大学出版社},
  Year                     = {2006}
}

@Book{yang2009,
  Title                    = {{气动光学效应对红外成像影响的仿真分析[D]}},
  Author                   = {{杨欢}},
  Publisher                = {{上海交通大学}},
  Year                     = {2009}
}

@Article{yangwenxia2009,
  Title                    = {{超音速/高超音速飞行器湍流流场气动光学效应分析[J]}},
  Author                   = {{杨文霞, 蔡超, 丁明跃, 周成平}},
  Journal                  = {光电工程},
  Year                     = {2009},
  Number                   = {1},
  Pages                    = {88-93},
  Volume                   = {36},
  Owner                    = {Precious},
  Timestamp                = {2014.12.05}
}

@Book{yxl2003qdgxyl,
  Title                    = {{气动光学原理[M]}},
  Author                   = {殷兴良},
  Publisher                = {北京：中国宇航出版社},
  Year                     = {2003},
  Owner                    = {Precious},
  Timestamp                = {2014.10.16}
}

@Article{yxl2006gsfxq,
  Title                    = {{高速飞行器气动光学传输效应的工程计算方法[J]}},
  Author                   = {殷兴良},
  Journal                  = {中国工程科学},
  Year                     = {2006},
  Number                   = {11},
  Pages                    = {76-79},
  Volume                   = {8},
  Owner                    = {Precious},
  Timestamp                = {2014.10.16}
}

@Article{zhang2012,
  Title                    = {{小入射角条件下气动光学成像偏移[J]}},
  Author                   = {{张士杰,李俊山,孙李辉,胡双演}},
  Journal                  = {{光学学报}},
  Year                     = {2012},
  Number                   = {10},
  Pages                    = {1001002-1-1001002-6},
  Volume                   = {32}
}

@Book{zhao2010,
  Title                    = {{高超声速飞行器技术发展研究[D]}},
  Author                   = {{赵彪}},
  Publisher                = {{哈尔滨工业大学}},
  Year                     = {2010}
}

@Article{zhao2008,
  Title                    = {{基于计算流体力学网格的高超声速流场光传输
建模研究[J]}},
  Author                   = {{赵剡, 王涛, 许东, 杨秋英}},
  Journal                  = {兵工学报},
  Year                     = {2008},
  Pages                    = {282-286},
  Volume                   = {3}
}

@Article{zhaoz2008,
  Title                    = {{基于光学传递函数的气动光学效应计算方法[J]}},
  Author                   = {{赵剡，张溟酥}},
  Journal                  = {红外与激光工程},
  Year                     = {2008},
  Volume                   = {S2}
}

